Automatically generated by Mendeley 1.6
Any changes to this file will be lost if it is regenerated by Mendeley.


@inproceedings{BFJM06,
  author    = {Jeremy Bryans and
               John S. Fitzgerald and
               Cliff B. Jones and
               Igor Mozolevsky},
  title     = {Formal Modelling of Dynamic Coalitions, with an Application
               in Chemical Engineering},
  booktitle = {ISoLA},
  year      = {2006},
  pages     = {91-98},
  ee        = {http://dx.doi.org/10.1109/ISoLA.2006.21},
  crossref  = {DBLP:conf/isola/2006},
  bibsource = {DBLP, http://dblp.uni-trier.de}
}

@proceedings{DBLP:conf/isola/2006,
  title     = {Leveraging Applications of Formal Methods, Second International
               Symposium, ISoLA 2006, Paphos, Cyprus, 15-19 November 2006},
  booktitle = {ISoLA},
  publisher = {IEEE},
  year      = {2006},
  bibsource = {DBLP, http://dblp.uni-trier.de}
}




@article{overture-2010,
 author = {Larsen, Peter Gorm and Battle, Nick and Ferreira, Miguel and Fitzgerald, John and Lausdahl, Kenneth and Verhoef, Marcel},
 title = {The overture initiative integrating tools for VDM},
 journal = {SIGSOFT Softw. Eng. Notes},
 issue_date = {January 2010},
 volume = {35},
 number = {1},
 month = jan,
 year = {2010},
 issn = {0163-5948},
 pages = {1--6},
 numpages = {6},
 url = {http://doi.acm.org/10.1145/1668862.1668864},
 doi = {10.1145/1668862.1668864},
 acmid = {1668864},
 publisher = {ACM},
 address = {New York, NY, USA},
} 



@book{vdm-cliff,
  author    = {Clifford B. Jones},
  title     = {Systematic software development using VDM (2. ed.)},
  publisher = {Prentice Hall},
  series    = {Prentice Hall International Series in Computer Science},
  year      = {1991},
  isbn      = {978-0-13-880733-7},
  pages     = {I-XIV, 1-333},
  bibsource = {DBLP, http://dblp.uni-trier.de}
}



@book{vdm-standard,
  editor = 	 {D.J. Andrews},
  title = 	 {Information technology - Programming languages, their environments and system software interfaces - Vienna Development Method - Specification Language - Part 1: Base language},
  publisher = 	 {International Organization for Standardization},
  year = 	 {1996},
  month = 	 {December},
  note = 	 {International Standard ISO/IEC 13817-1}
}


@inproceedings{BryansFitzgerald2007,
  author    = {Jeremy Bryans and
               John S. Fitzgerald},
  title     = {{Formal Engineering of XACML Access Control Policies in VDM++}},
  booktitle = {ICFEM},
  year      = {2007},
  pages     = {37-56},
  ee        = {http://dx.doi.org/10.1007/978-3-540-76650-6_4},
  crossref  = {DBLP:conf/icfem/2007},
  bibsource = {DBLP, http://dblp.uni-trier.de}
}

@proceedings{DBLP:conf/icfem/2007,
  editor    = {Michael Butler and
               Michael G. Hinchey and
               Mar\'{\i}a M. Larrondo-Petrie},
  title     = {Formal Methods and Software Engineering, 9th International
               Conference on Formal Engineering Methods, ICFEM 2007, Boca
               Raton, FL, USA, November 14-15, 2007, Proceedings},
  booktitle = {ICFEM},
  publisher = {Springer},
  series    = {Lecture Notes in Computer Science},
  volume    = {4789},
  year      = {2007},
  isbn      = {978-3-540-76648-3},
  bibsource = {DBLP, http://dblp.uni-trier.de}
}


